<?xml version="1.0" encoding="UTF-8"?><collection xmlns="http://www.loc.gov/MARC21/slim"><record><leader>00439nam--2200145-i-4500</leader><controlfield tag="001">000033163</controlfield><controlfield tag="002">20161230</controlfield><controlfield tag="005">20161230201039</controlfield><controlfield tag="008">060222s1000------------r-----000-0-eng-d</controlfield><datafield ind1=" " ind2=" " tag="080"><subfield code="a">550.34(53)</subfield></datafield><datafield ind1=" " ind2=" " tag="100"><subfield code="a">Moinfar, A.A</subfield></datafield><datafield ind1=" " ind2=" " tag="245"><subfield code="a">An engineering study of the khorasan (iran) earthquakes of aug.31 and sept.1 st, 1968</subfield></datafield><datafield ind1=" " ind2=" " tag="260"><subfield code="a">/Boskabad/, Technical Bureau, 1969, P.Dif</subfield></datafield><datafield ind1=" " ind2=" " tag="490"><subfield code="a">Dasht-bayaz And Ferdows Earthquakes</subfield></datafield><datafield ind1=" " ind2=" " tag="852"><subfield code="a">48107</subfield></datafield></record></collection>